@book{Kuramoto84,
  title={Chemical oscillations, waves, and turbulence},
  author={Kuramoto, Yoshiki},
  year={2003},
  language={english},
  publisher={Courier Corporation}
}

@article{Strogatz93,
  title={Coupled oscillators and biological synchronization},
  author={Strogatz, Steven H and Stewart, Ian},
  journal={Scientific American},
  volume={269},
  number={6},
  pages={102--109},
  year={1993},
  language={english},
  publisher={JSTOR}
}

@article{Strogatz00,
  title={From Kuramoto to Crawford: exploring the onset of synchronization in populations of coupled oscillators},
  author={Strogatz, Steven H},
  journal={Physica D: Nonlinear Phenomena},
  volume={143},
  number={1-4},
  pages={1--20},
  year={2000},
  language={english},
  publisher={Elsevier}
}

@book{StrogatzSync,
  title={Sync: How order emerges from chaos in the universe, nature, and daily life},
  author={Strogatz, Steven H},
  year={2012},
  language={english},
  publisher={Hachette UK}
}

@book{Pikovsky01,
  title={Synchronization: a universal concept in nonlinear sciences},
  author={Pikovsky, Arkady and Rosenblum, Michael and Kurths, J{\"u}rgen},
  volume={12},
  year={2003},
  language={english},
  publisher={Cambridge university press}
}

@article{Tainaka88,
  title={Lattice model for the Lotka-Volterra system},
  author={Tainaka, Kei Ichi},
  journal={Journal of the Physical Society of Japan},
  volume={57},
  number={8},
  pages={2588--2590},
  year={1988},
  language={english},
  publisher={The Physical Society of Japan}
}

@article{Tainaka89,
  title={Stationary pattern of vortices or strings in biological systems: lattice version of the Lotka-Volterra model},
  author={Tainaka, Kei Ichi},
  journal={Physical Review Letters},
  volume={63},
  number={24},
  pages={2688},
  year={1989},
  language={english},
  publisher={APS}
}

@article{Tainaka91,
  title={Topological phase transition in biological ecosystems},
  author={Tainaka, K and Itoh, Y},
  journal={EPL (Europhysics Letters)},
  volume={15},
  number={4},
  pages={399},
  year={1991},
  language={english},
  publisher={IOP Publishing}
}

@article{Itoh94,
  title={Stochastic limit cycle with power-law spectrum},
  author={Itoh, Yoshiaki and Tainaka, Kei Ichi},
  journal={Physics Letters A},
  volume={189},
  number={1-2},
  pages={37--42},
  year={1994},
  language={english},
  publisher={Elsevier}
}

@article{Tainaka94,
  title={Vortices and strings in a model ecosystem},
  author={Tainaka, Kei Ichi},
  journal={Physical Review E},
  volume={50},
  number={5},
  pages={3401},
  year={1994},
  language={english},
  publisher={APS}
}

@article{Wood06a,
  title={Universality of synchrony: Critical behavior in a discrete model of stochastic phase-coupled oscillators},
  author={Wood, Kevin and Van den Broeck, Christian and Kawai, R and Lindenberg, Katja},
  journal={Physical review letters},
  volume={96},
  number={14},
  pages={145701},
  year={2006},
  language={english},
  publisher={APS}
}

@article{Wood06b,
  title={Critical behavior and synchronization of discrete stochastic phase-coupled oscillators},
  author={Wood, Kevin and Van den Broeck, Christian and Kawai, R and Lindenberg, Katja},
  journal={Physical Review E},
  volume={74},
  number={3},
  pages={031113},
  year={2006},
  language={english},
  publisher={APS}
}

@article{Wood07a,
  title={Effects of disorder on synchronization of discrete phase-coupled oscillators},
  author={Wood, Kevin and Van den Broeck, Christian and Kawai, R and Lindenberg, Katja},
  journal={Physical Review E},
  volume={75},
  number={4},
  pages={041107},
  year={2007},
  language={english},
  publisher={APS}
}

@article{Wood07b,
  title={Continuous and discontinuous phase transitions and partial synchronization in stochastic three-state oscillators},
  author={Wood, Kevin and Van den Broeck, Christian and Kawai, R and Lindenberg, Katja},
  journal={Physical Review E},
  volume={76},
  number={4},
  pages={041132},
  year={2007},
  language={english},
  publisher={APS}
}

@article{assis2011infinite,
  title={An infinite-period phase transition versus nucleation in a stochastic model of collective oscillations},
  author={Assis, Vladimir RV and Copelli, Mauro and Dickman, Ronald},
  journal={Journal of Statistical Mechanics: Theory and Experiment},
  volume={2011},
  number={09},
  pages={P09023},
  year={2011},
  language={english},
  publisher={IOP Publishing}
}

@article{escaff2014arrays,
  title={Arrays of stochastic oscillators: Nonlocal coupling, clustering, and wave formation},
  author={Escaff, Daniel and Lindenberg, Katja and others},
  journal={Physical Review E},
  volume={90},
  number={5},
  pages={052111},
  year={2014},
  language={english},
  publisher={APS}
}

@article{Kuramoto92a,
  title={Neural network model carrying phase information with application to collective dynamics},
  author={Kuramoto, Yoshiki and Aoyagi, Toshio and Nishikawa, Ikuko and Chawanya, Tsuyoshi and Okuda, Koji},
  journal={Progress of Theoretical Physics},
  volume={87},
  number={5},
  pages={1119--1126},
  year={1992},
  language={english},
  publisher={Oxford University Press}
}

@article{Ohta08,
  title={Critical phenomena in globally coupled excitable elements},
  author={Ohta, Hiroki and Sasa, Shin-ichi},
  journal={Physical Review E},
  volume={78},
  number={6},
  pages={065101},
  year={2008},
  language={english},
  publisher={APS}
}

@article{ShinomotoKuramoto86,
  title={Phase transitions in active rotator systems},
  author={Shinomoto, Shigeru and Kuramoto, Yoshiki},
  journal={Progress of Theoretical Physics},
  volume={75},
  number={5},
  pages={1105--1110},
  year={1986},
  language={english},
  publisher={Oxford University Press}
}

@article{Rozenblit11,
  title={Collective oscillations of excitable elements: order parameters, bistability and the role of stochasticity},
  author={Rozenblit, Fernando and Copelli, Mauro},
  journal={Journal of Statistical Mechanics: Theory and Experiment},
  volume={2011},
  number={01},
  pages={P01012},
  year={2011},
  language={english},
  publisher={IOP Publishing}
}

@article{Huang,
  title={Statistical Mechanics, 2nd},
  author={Huang, K},
  journal={Edition (New York: John Wiley \& Sons)},
  language={english},
  year={1987}
}

@book{plischke1994equilibrium,
  title={Equilibrium Statistical Physics},
  author={Plischke, M and Bergersen, B},
  year={1994},
  language={english},
  publisher={World Scientific}
}

@article{watts1998collective,
  title={Collective dynamics of ‘small-world’networks},
  author={Watts, Duncan J and Strogatz, Steven H},
  journal={Nature},
  volume={393},
  number={6684},
  pages={440},
  year={1998},
  language={english},
  publisher={Nature Publishing Group}
}

@book{jeffrey2007table,
  title={Table of integrals, series, and products},
  author={Jeffrey, Alan and Zwillinger, Daniel},
  year={2007},
  language={english},
  publisher={Elsevier}
}

@article{da_Fonseca_2018,
  year = 2018,
  month = {oct},
  publisher = {{IOP} Publishing},
  volume = {2018},
  number = {10},
  pages = {103204},
  author = {J D da Fonseca and C V Abud},
  title = {The Kuramoto model revisited},
  language={english},
  journal = {Journal of Statistical Mechanics: Theory and Experiment},
  abstract = {In these notes, we provide a perspective on the theoretical framework built on the Kuramoto model, a paradigm in the study of synchronized behavior in coupled oscillator models. Following the original works of Kuramoto, we discuss in depth assumptions and analytical approaches in his theory and explain all the steps involved in the derivation of the main results. Starting from analyzing the phase dynamics of synchronized and desynchronized oscillators, we obtain the distribution of phases and the order parameter equation. We also show how a critical coupling strength, associated to a transition to collective oscillation, emerges in the theory. Another important result, not yet addressed in reviews, is the distribution of ‘coupling-modified frequencies’, i.e. the instantaneous frequencies averaged over an infinitely long time. We introduce the concept of a coupling-modified frequency and obtain the corresponding distribution in a different way to Kuramoto’s works. For the particular case of a Cauchy–Lorentz distribution of natural frequencies, an extensive set of analytical results are explicitly obtained. Finally, we compare theoretical predictions of the order parameter with numerical data, showing the strength of the theory in the description of stationary states and discussing the limitations deriving from sources of fluctuations.}
}

@article{rodrigues2020synchronization,
  title={Synchronization of discrete oscillators on ring lattices and small-world networks},
  author={Rodrigues, Kevin Liu and Dickman, Ronald},
  journal={Journal of Statistical Mechanics: Theory and Experiment},
  volume={2020},
  number={4},
  pages={043406},
  language={english},
  year={2020},
  publisher={IOP Publishing}
}
